<record><leader>00000cas a2200000 a 4500</leader><controlfield tag="001">10498079</controlfield><controlfield tag="008">840308d18521853ctuwr ne      0    0eng c</controlfield><datafield ind1=" " ind2=" " tag="010"><subfield code="a">sn 84022596 </subfield></datafield><datafield ind1=" " ind2=" " tag="040"><subfield code="a">NPX</subfield><subfield code="b">eng</subfield><subfield code="c">NPX</subfield><subfield code="d">NYG</subfield><subfield code="d">CNW</subfield><subfield code="d">OCL</subfield><subfield code="d">NYS</subfield><subfield code="d">OCLCG</subfield><subfield code="d">OCLCQ</subfield><subfield code="d">OCLCF</subfield><subfield code="d">OCLCO</subfield></datafield><datafield ind1="1" ind2=" " tag="029"><subfield code="a">AU@</subfield><subfield code="b">000020228216</subfield></datafield><datafield ind1=" " ind2=" " tag="042"><subfield code="a">pcc</subfield></datafield><datafield ind1=" " ind2=" " tag="043"><subfield code="a">n-us-ct</subfield></datafield><datafield ind1="0" ind2="4" tag="245"><subfield code="a">The Norwich tribune.</subfield></datafield><datafield ind1=" " ind2=" " tag="260"><subfield code="a">Norwich, CT :</subfield><subfield code="b">E.S. Wells,</subfield><subfield code="c">1852-1853.</subfield></datafield><datafield ind1=" " ind2=" " tag="300"><subfield code="a">v. ;</subfield><subfield code="c">65 cm.</subfield></datafield><datafield ind1=" " ind2=" " tag="310"><subfield code="a">Weekly</subfield></datafield><datafield ind1="1" ind2=" " tag="362"><subfield code="a">Vol. 1, no. 1 (Jan. 7, 1852)-v. 2, no. 26 (July 6, 1853).</subfield></datafield><datafield ind1=" " ind2=" " tag="500"><subfield code="a">Editors: E.S. Wells, 1852; E.C. Stedman, C.B. Platt, &lt;1852-1853&gt;</subfield></datafield><datafield ind1=" " ind2=" " tag="500"><subfield code="a">Publishers: E.S. Wells, 1852; Platt &amp; Stedman, &lt;1852&gt;-1853.</subfield></datafield><datafield ind1=" " ind2=" " tag="500"><subfield code="a">A final, unnumbered issue, designated "I still live," appeared July 13, 1853.</subfield></datafield><datafield ind1=" " ind2="0" tag="651"><subfield code="a">Norwich (Conn.)</subfield><subfield code="v">Newspapers.</subfield></datafield><datafield ind1=" " ind2="0" tag="651"><subfield code="a">New London County (Conn.)</subfield><subfield code="v">Newspapers.</subfield></datafield><datafield ind1=" " ind2="7" tag="655"><subfield code="a">Newspapers.</subfield><subfield code="2">fast</subfield><subfield code="0">(OCoLC)fst01423814</subfield></datafield><datafield ind1=" " ind2="7" tag="651"><subfield code="a">Connecticut</subfield><subfield code="z">New London County.</subfield><subfield code="2">fast</subfield><subfield code="0">(OCoLC)fst01221053</subfield></datafield><datafield ind1=" " ind2="7" tag="651"><subfield code="a">Connecticut</subfield><subfield code="z">Norwich.</subfield><subfield code="2">fast</subfield><subfield code="0">(OCoLC)fst01216259</subfield></datafield><datafield ind1="1" ind2=" " tag="700"><subfield code="a">Stedman, Edmund Clarence,</subfield><subfield code="d">1833-1908.</subfield></datafield><datafield ind1="1" ind2=" " tag="700"><subfield code="a">Platt, Charles Beckley,</subfield><subfield code="d">1827-1883.</subfield></datafield><datafield ind1="1" ind2=" " tag="700"><subfield code="a">Wells, E. S.</subfield></datafield><datafield ind1=" " ind2=" " tag="752"><subfield code="a">United States</subfield><subfield code="b">Connecticut</subfield><subfield code="c">New London</subfield><subfield code="d">Norwich.</subfield></datafield></record>